@article{solaiman,
  doi = {10.48550/ARXIV.1908.09203},
  author = {Solaiman, Irene and Brundage, Miles and Clark, Jack and Askell, Amanda and Herbert-Voss, Ariel and Wu, Jeff and Radford, Alec and Krueger, Gretchen and Kim, Jong Wook and Kreps, Sarah and McCain, Miles and Newhouse, Alex and Blazakis, Jason and McGuffie, Kris and Wang, Jasmine},
  title = {Release Strategies and the Social Impacts of Language Models},
  year = {2019}
  }

@inproceedings{jawahar2020,
author = {Jawahar, Ganesh and Abdul-Mageed, Muhammad and Lakshmanan, Laks},
year = {2020},
pages = {2296-2309},
title = {Automatic Detection of Machine Generated Text: A Critical Survey},
doi = {10.18653/v1/2020.coling-main.208}
}

@inproceedings{Kuznetsov,
  title={Methods for Intrinsic Plagiarism Detection and Author Diarization},
  author={Mikhail P. Kuznetsov and Anastasia Motrenko and Rita Kuznetsova and Vadim V. Strijov},
  booktitle={Conference and Labs of the Evaluation Forum},
  year={2016}
}

@article{gpt,
  author = {Radford, Alec and Narasimhan, Karthik and Salimans, Tim and Sutskever, Ilya},
  title = {Improving language understanding by generative pre-training},
  year = {2018}
}

@article{ctrl,
  doi = {10.48550/ARXIV.1909.05858},
  author = {Keskar, Nitish Shirish and McCann, Bryan and Varshney, Lav R. and Xiong, Caiming and Socher, Richard},
  title = {CTRL: A Conditional Transformer Language Model for Controllable Generation},
  year = {2019},
}

@inproceedings{bert,
  title={BERT: Pre-training of Deep Bidirectional Transformers for Language Understanding},
  author={Devlin, Jacob and Chang, Ming-Wei and Lee, Kenton and Toutanova, Kristina},
  year={2018}
}

@inproceedings{ruatd,
  doi = {10.48550/ARXIV.2206.01583},
  author = {Shamardina, Tatiana and Mikhailov, Vladislav and Chernianskii, Daniil and Fenogenova, Alena and Saidov, Marat and Valeeva, Anastasiya and Shavrina, Tatiana and Smurov, Ivan and Tutubalina, Elena and Artemova, Ekaterina},
  title = {Findings of the The RuATD Shared Task 2022 on Artificial Text Detection in Russian},
  year = {2022}
}

@inproceedings{gritsay2022,
author = {Gritsay, German and Grabovoy, Andrey and Chekhovich, Yury},
year = {2022},
pages = {20-26},
title = {Automatic Detection of Machine Generated Texts: Need More Tokens},
doi = {10.1109/IVMEM57067.2022.9983964}
}

@inproceedings{mt5,
  author = {Xue, Linting and Constant, Noah and Roberts, Adam and Kale, Mihir and Al-Rfou, Rami and Siddhant, Aditya and Barua, Aditya and Raffel, Colin},
  title = {mT5: A massively multilingual pre-trained text-to-text transformer},
  year = {2020},

}

@inproceedings{gpt2,
  title={Language Models are Unsupervised Multitask Learners},
  author={Alec Radford and Jeff Wu and Rewon Child and David Luan and Dario Amodei and Ilya Sutskever},
  year={2019}
}

@inproceedings{gpt3,
  doi = {10.48550/ARXIV.2005.14165},
  url = {https://arxiv.org/abs/2005.14165},
  author = {Brown, Tom B. and Mann, Benjamin and Ryder, Nick and Subbiah, Melanie and Kaplan, Jared and Dhariwal, Prafulla and Neelakantan, Arvind and Shyam, Pranav and Sastry, Girish and Askell, Amanda and Agarwal, Sandhini and Herbert-Voss, Ariel and Krueger, Gretchen and Henighan, Tom and Child, Rewon and Ramesh, Aditya and Ziegler, Daniel M. and Wu, Jeffrey and Winter, Clemens and Hesse, Christopher and Chen, Mark and Sigler, Eric and Litwin, Mateusz and Gray, Scott and Chess, Benjamin and Clark, Jack and Berner, Christopher and McCandlish, Sam and Radford, Alec and Sutskever, Ilya and Amodei, Dario},
  title = {Language Models are Few-Shot Learners},
  year = {2020},
}

@article{Vaswani,
  title={Attention is All you Need},
  author={Ashish Vaswani and Noam M. Shazeer and Niki Parmar and Jakob Uszkoreit and Llion Jones and Aidan N. Gomez and Lukasz Kaiser and Illia Polosukhin},
  year={2017},
}

@inproceedings{perplexity,
author = {Beresneva, Daria},
year = {2016},
pages = {421-426},
title = {Computer-Generated Text Detection Using Machine Learning: A Systematic Review},
volume = {9612},
doi = {10.1007/978-3-319-41754-7_43}
}

@inproceedings{relativeentropy,
  title={Detecting Fake Content with Relative Entropy Scoring},
  author={Thomas Lavergne and Tanguy Urvoy and François Yvon},
  booktitle={Pan},
  year={2008}
}

@inproceedings{rare_bigrams,
  title={Detection of artificial texts},
  author={Grechnikov E.A., Gusev G.G., Kustarev A.A., Raigorodsky A.M},
  year={20089}
  journal={Proceedings of the XI All-Russian Research Conference RCDL'2009. Petrozavodsk, pages 306– 308},
}

@inproceedings{gltr,
    title = {GLTR: Statistical Detection and Visualization of Generated Text},
    author = {Gehrmann, Sebastian  and Strobelt, Hendrik  and Rush, Alexander},
    booktitle = "Proceedings of the 57th Annual Meeting of the Association for Computational Linguistics: System Demonstrations",
    year = {2019},
    pages = "111--116",
}

@inproceedings{ts_metrics,
  title={Attention-Based Neural Text Segmentation},
  author={Pinkesh Badjatiya and Litton J. Kurisinkel and Manish Gupta and Vasudeva Varma},
  booktitle={European Conference on Information Retrieval},
  year={2018}
}

@inproceedings{ts_loss,
  title={Text Segmentation as a Supervised Learning Task},
  author={Omri Koshorek and Adir Cohen and Noam Mor and Michael Rotman and Jonathan Berant},
  booktitle={North American Chapter of the Association for Computational Linguistics},
  year={2018}
}

@inproccedings{pan-dataset,
    title={The PAN plagiarism corpus 2011},
    url={http://www.uniweimar.de/en/media/chairs/webis/corpora/corpus-pan-pc-11}
}

@inproccedings{gpt2-dataset,
    title={GPT-2 ouput dataset},
    url={https://github.com/openai/gpt-2-output-dataset}
}

@inproccedings{ruatd-dataset,
    title={RUATD multitask dataset},
    url={https://www.kaggle.com/competitions/ruatd-2022-multi-task/data#}
}

@inproccedings{adam-w,
  author = {Loshchilov, Ilya and Hutter, Frank},
  title = {Decoupled Weight Decay Regularization},
  year = {2017},
}

@article{bcubed,
author = {Amigó, Enrique and Gonzalo, Julio and Artiles, Javier and Verdejo, M.},
year = {2009},
pages = {461-486},
title = {Amigó E, Gonzalo J, Artiles J et alA comparison of extrinsic clustering evaluation metrics based on formal constraints. Inform Retriev 12:461-486},
volume = {12},
journal = {Information Retrieval},
}

@inproceedings{granularity,
    title = "An Evaluation Framework for Plagiarism Detection",
    author = "Potthast, Martin  and
      Stein, Benno  and
      Barr{\'o}n-Cede{\~n}o, Alberto  and
      Rosso, Paolo",
    booktitle = "Coling 2010: Posters",
    year = "2010",
    publisher = "Coling 2010 Organizing Committee",
    pages = "997--1005",
}

@inproceedings{clf,
author = {Wen, Yandong and Zhang, Kaipeng and Li, Zhifeng and Qiao, Yu},
year = {2016},
month = {10},
pages = {499-515},
title = {A Discriminative Feature Learning Approach for Deep Face Recognition},
volume = {9911},
isbn = {978-3-319-46477-0},
journal = {LNCS},
doi = {10.1007/978-3-319-46478-7_31}
}
